%%% ====================================================================
%%%  BibTeX-file{
%%%     author          = "Gerry Murray",
%%%     version         = "1.2",
%%%     date            = "2 April 2012",
%%%     filename        = "acmsmall-sample-bibfile.bib",
%%%     address         = "ACM, NY",
%%%     email           = "murray at hq.acm.org",
%%%     codetable       = "ISO/ASCII",
%%%     keywords        = "ACM Reference Format, bibliography, citation, references",
%%%     supported       = "yes",
%%%     docstring       = "This BibTeX database file contains 'bibdata' entries
%%%                        that 'match' the examples provided in the Specifications Document
%%%                        AND, also, 'legacy'-type bibs. It should assist authors in
%%%                        choosing the 'correct' at-bibtype and necessary bib-fields
%%%                        so as to obtain the appropriate ACM Reference Format output.
%%%                        It also contains many 'Standard Abbreviations'. "
%%%  }
%%% ====================================================================

% Journals

% First the Full Name is given, then the abbreviation used in the AMS Math
% Reviews, with an indication if it could not be found there.
% Note the 2nd overwrites the 1st, so swap them if you want the full name.

 %{AMS}
 @String{AMSTrans = "American Mathematical Society Translations" }
 @String{AMSTrans = "Amer. Math. Soc. Transl." }
 @String{BullAMS = "Bulletin of the American Mathematical Society" }
 @String{BullAMS = "Bull. Amer. Math. Soc." }
 @String{ProcAMS = "Proceedings of the American Mathematical Society" }
 @String{ProcAMS = "Proc. Amer. Math. Soc." }
 @String{TransAMS = "Transactions of the American Mathematical Society" }
 @String{TransAMS = "Trans. Amer. Math. Soc." }

 %ACM
 @String{CACM = "Communications of the {ACM}" }
 @String{CACM = "Commun. {ACM}" }
 @String{CompServ = "Comput. Surveys" }
 @String{JACM = "J. ACM" }
 @String{ACMMathSoft = "{ACM} Transactions on Mathematical Software" }
 @String{ACMMathSoft = "{ACM} Trans. Math. Software" }
 @String{SIGNUM = "{ACM} {SIGNUM} Newsletter" }
 @String{SIGNUM = "{ACM} {SIGNUM} Newslett." }

 @String{AmerSocio = "American Journal of Sociology" }
 @String{AmerStatAssoc = "Journal of the American Statistical Association" }
 @String{AmerStatAssoc = "J. Amer. Statist. Assoc." }
 @String{ApplMathComp = "Applied Mathematics and Computation" }
 @String{ApplMathComp = "Appl. Math. Comput." }
 @String{AmerMathMonthly = "American Mathematical Monthly" }
 @String{AmerMathMonthly = "Amer. Math. Monthly" }
 @String{BIT = "{BIT}" }
 @String{BritStatPsych = "British Journal of Mathematical and Statistical
          Psychology" }
 @String{BritStatPsych = "Brit. J. Math. Statist. Psych." }
 @String{CanMathBull = "Canadian Mathematical Bulletin" }
 @String{CanMathBull = "Canad. Math. Bull." }
 @String{CompApplMath = "Journal of Computational and Applied Mathematics" }
 @String{CompApplMath = "J. Comput. Appl. Math." }
 @String{CompPhys = "Journal of Computational Physics" }
 @String{CompPhys = "J. Comput. Phys." }
 @String{CompStruct = "Computers and Structures" }
 @String{CompStruct = "Comput. \& Structures" }
 @String{CompJour = "The Computer Journal" }
 @String{CompJour = "Comput. J." }
 @String{CompSysSci = "Journal of Computer and System Sciences" }
 @String{CompSysSci = "J. Comput. System Sci." }
 @String{Computing = "Computing" }
 @String{ContempMath = "Contemporary Mathematics" }
 @String{ContempMath = "Contemp. Math." }
 @String{Crelle = "Crelle's Journal" }
 @String{GiornaleMath = "Giornale di Mathematiche" }
 @String{GiornaleMath = "Giorn. Mat." } % didn't find in AMS MR., ibid.

 %IEEE
 @String{Computer = "{IEEE} Computer" }
 @String{IEEETransComp = "{IEEE} Transactions on Computers" }
 @String{IEEETransComp = "{IEEE} Trans. Comput." }
 @String{IEEETransAC = "{IEEE} Transactions on Automatic Control" }
 @String{IEEETransAC = "{IEEE} Trans. Automat. Control" }
 @String{IEEESpec = "{IEEE} Spectrum" } % didn't find in AMS MR
 @String{ProcIEEE = "Proceedings of the {IEEE}" }
 @String{ProcIEEE = "Proc. {IEEE}" } % didn't find in AMS MR
 @String{IEEETransAeroElec = "{IEEE} Transactions on Aerospace and Electronic
     Systems" }
 @String{IEEETransAeroElec = "{IEEE} Trans. Aerospace Electron. Systems" }

 @String{IMANumerAna = "{IMA} Journal of Numerical Analysis" }
 @String{IMANumerAna = "{IMA} J. Numer. Anal." }
 @String{InfProcLet = "Information Processing Letters" }
 @String{InfProcLet = "Inform. Process. Lett." }
 @String{InstMathApp = "Journal of the Institute of Mathematics and
     its Applications" }
 @String{InstMathApp = "J. Inst. Math. Appl." }
 @String{IntControl = "International Journal of Control" }
 @String{IntControl = "Internat. J. Control" }
 @String{IntNumerEng = "International Journal for Numerical Methods in
     Engineering" }
 @String{IntNumerEng = "Internat. J. Numer. Methods Engrg." }
 @String{IntSuper = "International Journal of Supercomputing Applications" }
 @String{IntSuper = "Internat. J. Supercomputing Applic." } % didn't find
%% in AMS MR
 @String{Kibernetika = "Kibernetika" }
 @String{JResNatBurStand = "Journal of Research of the National Bureau
     of Standards" }
 @String{JResNatBurStand = "J. Res. Nat. Bur. Standards" }
 @String{LinAlgApp = "Linear Algebra and its Applications" }
 @String{LinAlgApp = "Linear Algebra Appl." }
 @String{MathAnaAppl = "Journal of Mathematical Analysis and Applications" }
 @String{MathAnaAppl = "J. Math. Anal. Appl." }
 @String{MathAnnalen = "Mathematische Annalen" }
 @String{MathAnnalen = "Math. Ann." }
 @String{MathPhys = "Journal of Mathematical Physics" }
 @String{MathPhys = "J. Math. Phys." }
 @String{MathComp = "Mathematics of Computation" }
 @String{MathComp = "Math. Comp." }
 @String{MathScand = "Mathematica Scandinavica" }
 @String{MathScand = "Math. Scand." }
 @String{TablesAidsComp = "Mathematical Tables and Other Aids to Computation" }
 @String{TablesAidsComp = "Math. Tables Aids Comput." }
 @String{NumerMath = "Numerische Mathematik" }
 @String{NumerMath = "Numer. Math." }
 @String{PacificMath = "Pacific Journal of Mathematics" }
 @String{PacificMath = "Pacific J. Math." }
 @String{ParDistComp = "Journal of Parallel and Distributed Computing" }
 @String{ParDistComp = "J. Parallel and Distrib. Comput." } % didn't find
%% in AMS MR
 @String{ParComputing = "Parallel Computing" }
 @String{ParComputing = "Parallel Comput." }
 @String{PhilMag = "Philosophical Magazine" }
 @String{PhilMag = "Philos. Mag." }
 @String{ProcNAS = "Proceedings of the National Academy of Sciences
                    of the USA" }
 @String{ProcNAS = "Proc. Nat. Acad. Sci. U. S. A." }
 @String{Psychometrika = "Psychometrika" }
 @String{QuartMath = "Quarterly Journal of Mathematics, Oxford, Series (2)" }
 @String{QuartMath = "Quart. J. Math. Oxford Ser. (2)" }
 @String{QuartApplMath = "Quarterly of Applied Mathematics" }
 @String{QuartApplMath = "Quart. Appl. Math." }
 @String{RevueInstStat = "Review of the International Statisical Institute" }
 @String{RevueInstStat = "Rev. Inst. Internat. Statist." }

 %SIAM
 @String{JSIAM = "Journal of the Society for Industrial and Applied
     Mathematics" }
 @String{JSIAM = "J. Soc. Indust. Appl. Math." }
 @String{JSIAMB = "Journal of the Society for Industrial and Applied
     Mathematics, Series B, Numerical Analysis" }
 @String{JSIAMB = "J. Soc. Indust. Appl. Math. Ser. B Numer. Anal." }
 @String{SIAMAlgMeth = "{SIAM} Journal on Algebraic and Discrete Methods" }
 @String{SIAMAlgMeth = "{SIAM} J. Algebraic Discrete Methods" }
 @String{SIAMAppMath = "{SIAM} Journal on Applied Mathematics" }
 @String{SIAMAppMath = "{SIAM} J. Appl. Math." }
 @String{SIAMComp = "{SIAM} Journal on Computing" }
 @String{SIAMComp = "{SIAM} J. Comput." }
 @String{SIAMMatrix = "{SIAM} Journal on Matrix Analysis and Applications" }
 @String{SIAMMatrix = "{SIAM} J. Matrix Anal. Appl." }
 @String{SIAMNumAnal = "{SIAM} Journal on Numerical Analysis" }
 @String{SIAMNumAnal = "{SIAM} J. Numer. Anal." }
 @String{SIAMReview = "{SIAM} Review" }
 @String{SIAMReview = "{SIAM} Rev." }
 @String{SIAMSciStat = "{SIAM} Journal on Scientific and Statistical
     Computing" }
 @String{SIAMSciStat = "{SIAM} J. Sci. Statist. Comput." }

 @String{SoftPracExp = "Software Practice and Experience" }
 @String{SoftPracExp = "Software Prac. Experience" } % didn't find in AMS MR
 @String{StatScience = "Statistical Science" }
 @String{StatScience = "Statist. Sci." }
 @String{Techno = "Technometrics" }
 @String{USSRCompMathPhys = "{USSR} Computational Mathematics and Mathematical
     Physics" }
 @String{USSRCompMathPhys = "{U. S. S. R.} Comput. Math. and Math. Phys." }
 @String{VLSICompSys = "Journal of {VLSI} and Computer Systems" }
 @String{VLSICompSys = "J. {VLSI} Comput. Syst." }
 @String{ZAngewMathMech = "Zeitschrift fur Angewandte Mathematik und
     Mechanik" }
 @String{ZAngewMathMech = "Z. Angew. Math. Mech." }
 @String{ZAngewMathPhys = "Zeitschrift fur Angewandte Mathematik und Physik" }
 @String{ZAngewMathPhys = "Z. Angew. Math. Phys." }

% Publishers % ================================================= |

 @String{Academic = "Academic Press" }
 @String{ACMPress = "{ACM} Press" }
 @String{AdamHilger = "Adam Hilger" }
 @String{AddisonWesley = "Addison-Wesley" }
 @String{AllynBacon = "Allyn and Bacon" }
 @String{AMS = "American Mathematical Society" }
 @String{Birkhauser = "Birkha{\"u}ser" }
 @String{CambridgePress = "Cambridge University Press" }
 @String{Chelsea = "Chelsea" }
 @String{ClaredonPress = "Claredon Press" }
 @String{DoverPub = "Dover Publications" }
 @String{Eyolles = "Eyolles" }
 @String{HoltRinehartWinston = "Holt, Rinehart and Winston" }
 @String{Interscience = "Interscience" }
 @String{JohnsHopkinsPress = "The Johns Hopkins University Press" }
 @String{JohnWileySons = "John Wiley and Sons" }
 @String{Macmillan = "Macmillan" }
 @String{MathWorks = "The Math Works Inc." }
 @String{McGrawHill = "McGraw-Hill" }
 @String{NatBurStd = "National Bureau of Standards" }
 @String{NorthHolland = "North-Holland" }
 @String{OxfordPress = "Oxford University Press" }  %address Oxford or London?
 @String{PergamonPress = "Pergamon Press" }
 @String{PlenumPress = "Plenum Press" }
 @String{PrenticeHall = "Prentice-Hall" }
 @String{SIAMPub = "{SIAM} Publications" }
 @String{Springer = "Springer-Verlag" }
 @String{TexasPress = "University of Texas Press" }
 @String{VanNostrand = "Van Nostrand" }
 @String{WHFreeman = "W. H. Freeman and Co." }

%Entries

@misc{grobid-quantities, 
    key ={Contributors},
    title = {grobid-quantities},
    howpublished = {\url{https://github.com/kermitt2/grobid-quantities}},
    publisher = {GitHub},
    journal = {GitHub repository},
    year = {2016},
    note = {[Online; accessed 18-April-2019]},
    commit = {f576a79f0b61897b431a0581762014d0da119945}
}

@misc{delft, 
    key ={Contributors},
    title = {Delft},
    howpublished = {\url{https://github.com/kermitt2/delft}},
    publisher = {GitHub},
    journal = {GitHub repository},
    year = {2018},
    note = {[Online; accessed 16-May-2019]},
    commit = {9f5d37f2741f3ed4b83356def796d88dd6d67600}
}

@misc{GROBID, 
    key ={Contributors},
    title = {GROBID (GeneRation Of BIbliographic Data)}, 
    howpublished = {\url{https://github.com/kermitt2/grobid}}, 
    publisher = {GitHub},
    year = {2008},
    archivePrefix = {swh},
    eprint = {1:dir:6a298c1b2008913d62e01e5bc967510500f80710}
}

@misc{units_of_measurement, 
    key ={Contributors},
    title = {Units of Measurement}, 
    howpublished = {\url{https://github.com/unitsofmeasurement}}, 
    publisher = {GitHub}
}

@article{hundman2017measurement,
  title={Measurement Context Extraction from Text: Discovering Opportunities and Gaps in Earth Science},
  author={Hundman, Kyle and Mattmann, Chris A},
  journal={arXiv preprint arXiv:1710.04312},
  year={2017}
}

@article{foppiano2019proposal,
  title={Proposal for Automatic Extraction Framework of Superconductors related Information from Scientific literature},
  author={Luca Foppiano and Thaer M. Dieb and Akira Suzuki and Ishii Masashi},
  journal={THE INSTITUTE OF ELECTRONICS, INFORMATION AND COMMUNICATION ENGINEERS},
  year={2019}
}

@misc{internationalSystemOfUnits, 
    author={Bureau International du Poids et Measures},
    title = {International System of Units}, 
    howpublished = {\url{https://www.bipm.org/en/measurement-units/}}, 
    year = {1799}
}

@article{am2013processing,
  title={Processing of quantitative exPressions with units of measurement in scientific texts as aPPlied to Belarusian and russian text-to-sPeech synthesis},
  author={AM, Skopinava and BM, Lobanov},
  year={2013}
}

@inproceedings{berrahou2013extract,
  title={How to Extract Unit of Measure in Scientific Documents?.},
  author={Berrahou, Soumia Lilia and Buche, Patrice and Dibie-Barth{\'e}lemy, Juliette and Roche, Mathieu}
}

@inproceedings{willems2012identifying,
  title={Identifying and extracting quantitative data in annotated text},
  author={Willems, Don JM and Rijgersberg, Hajo and Top, J},
  booktitle={Proceedings of the Workshop on Semantic Web and Information Extraction (SWAIE 2012), 09 October 2012, Galway, Ireland},
  pages={43--54},
  year={2012}
}


@article{noauthor_gold_2012,
	title = {Gold in the text?},
	volume = {483},
	url = {https://doi.org/10.1038/483124a},
	journal = {Nature},
	month = mar,
	year = {2012},
	pages = {124}
}

@article{kang_extracting_2013,
	title = {Extracting laboratory test information from biomedical text},
	volume = {4},
	issn = {2229-5089},
	url = {https://www.ncbi.nlm.nih.gov/pubmed/24083058},
	doi = {10.4103/2153-3539.117450},
	language = {eng},
	journal = {Journal of pathology informatics},
	author = {Kang, Yanna Shen and Kayaalp, Mehmet},
	month = aug,
	year = {2013},
	pages = {23--23}
}

@inproceedings{fafalios2013exploratory,
  title={Exploratory patent search with faceted search and configurable entity mining},
  author={Fafalios, Pavlos and Salampasis, Michail and Tzitzikas, Yannis},
  booktitle={1st International Workshop on Integrating IR technologies for Professional Search (ECIR’13 Workshop)},
  year={2013},
  organization={Citeseer}
}

@inproceedings{aras2014applications,
  title={Applications and Challenges of Text Mining with Patents.},
  author={Aras, Hidir and Hackl-Sommer, Ren{\'e} and Schwantner, Michael and Sofean, Mustafa},
  booktitle={IPaMin@ KONVENS},
  year={2014}
}


@inproceedings{agatonovic2008large,
  title={Large-scale, parallel automatic patent annotation},
  author={Agatonovic, Milan and Aswani, Niraj and Bontcheva, Kalina and Cunningham, Hamish and Heitz, Thomas and Li, Yaoyong and Roberts, Ian and Tablan, Valentin},
  booktitle={Proceedings of the 1st ACM workshop on Patent information retrieval},
  pages={1--8},
  year={2008},
  organization={ACM}
}

@inproceedings{latard2017towards,
  title={Towards a semantic search engine for scientific articles},
  author={Latard, Bastien and Weber, Jonathan and Forestier, Germain and Hassenforder, Michel},
  booktitle={International Conference on Theory and Practice of Digital Libraries},
  pages={608--611},
  year={2017},
  organization={Springer}
}

@article{dazy2014istex,
  title={ISTEX: a powerful project for scientific and technical electronic resources archives},
  author={Dazy, Andr{\'e}},
  journal={Insights},
  volume={27},
  number={3},
  year={2014},
  publisher={UKSG in association with Ubiquity Press}
}

